<mx:record xmlns:v="http://viaf.org/viaf/terms#" xmlns:srw="http://www.loc.gov/zing/srw/"
           xmlns:mx="http://www.loc.gov/MARC21/slim">
   <mx:leader>00000nz##a22.....n..4500</mx:leader>
   <mx:controlfield tag="001">viaf44692802</mx:controlfield>
   <mx:controlfield tag="003">OCoLC</mx:controlfield>
   <mx:controlfield tag="008">150414n||azznnabbn##########|a#aaa####|#</mx:controlfield>
   <mx:datafield tag="024" ind1="7" ind2=" ">
      <mx:subfield code="a">http://viaf.org/viaf/44692802</mx:subfield>
      <mx:subfield code="2">uri</mx:subfield>
   </mx:datafield>
   <mx:datafield tag="040" ind1=" " ind2=" ">
      <mx:subfield code="a">VIAF</mx:subfield>
      <mx:subfield code="c">VIAF</mx:subfield>
   </mx:datafield>
   <mx:datafield ind1="0" ind2=" " tag="700">
      <mx:subfield code="a">Falees</mx:subfield>
      <mx:subfield code="0">(WKP)Q1749928</mx:subfield>
   </mx:datafield>
   <mx:datafield ind1="0" ind2=" " tag="100">
      <mx:subfield code="a">Phaleas</mx:subfield>
      <mx:subfield code="c">Chalcedonius</mx:subfield>
      <mx:subfield code="d">v400</mx:subfield>
      <mx:subfield code="0">(DNB)102402442</mx:subfield>
   </mx:datafield>
   <mx:datafield tag="375" ind1=" " ind2=" ">
      <mx:subfield code="a">male</mx:subfield>
      <mx:subfield code="2">1</mx:subfield>
   </mx:datafield>
   <mx:datafield ind1="0" ind2=" " tag="400">
      <mx:subfield code="a">Falea di Calcedonia</mx:subfield>
      <mx:subfield code="c">filosofo e politico greco antico</mx:subfield>
      <mx:subfield code="2">WKP</mx:subfield>
   </mx:datafield>
   <mx:datafield ind1="0" ind2=" " tag="400">
      <mx:subfield code="a">Faleas Khalkedonilainen</mx:subfield>
      <mx:subfield code="2">WKP</mx:subfield>
   </mx:datafield>
   <mx:datafield ind1="0" ind2=" " tag="400">
      <mx:subfield code="a">Faleas de Calcedonia</mx:subfield>
      <mx:subfield code="2">WKP</mx:subfield>
   </mx:datafield>
   <mx:datafield ind1="0" ind2=" " tag="400">
      <mx:subfield code="a">Phaleas de Chalcédoine</mx:subfield>
      <mx:subfield code="c">philosophe antique</mx:subfield>
      <mx:subfield code="2">WKP</mx:subfield>
   </mx:datafield>
   <mx:datafield ind1="0" ind2=" " tag="400">
      <mx:subfield code="a">Phaleas of Chalcedon</mx:subfield>
      <mx:subfield code="2">WKP</mx:subfield>
   </mx:datafield>
   <mx:datafield ind1="0" ind2=" " tag="400">
      <mx:subfield code="a">Phaleas</mx:subfield>
      <mx:subfield code="c">Philosoph der Antike</mx:subfield>
      <mx:subfield code="2">WKP</mx:subfield>
   </mx:datafield>
   <mx:datafield ind1="0" ind2=" " tag="400">
      <mx:subfield code="a">Phaleas</mx:subfield>
      <mx:subfield code="c">Sophist</mx:subfield>
      <mx:subfield code="d">v400</mx:subfield>
      <mx:subfield code="2">DNB</mx:subfield>
   </mx:datafield>
   <mx:datafield ind1="0" ind2=" " tag="400">
      <mx:subfield code="a">Phaleas</mx:subfield>
      <mx:subfield code="c">Staatstheoretiker</mx:subfield>
      <mx:subfield code="d">v400</mx:subfield>
      <mx:subfield code="2">DNB</mx:subfield>
   </mx:datafield>
   <mx:datafield ind1="0" ind2=" " tag="400">
      <mx:subfield code="a">Phaleas</mx:subfield>
      <mx:subfield code="c">von Chalkedon</mx:subfield>
      <mx:subfield code="d">v400</mx:subfield>
      <mx:subfield code="2">DNB</mx:subfield>
   </mx:datafield>
   <mx:datafield ind1="0" ind2=" " tag="400">
      <mx:subfield code="a">Фалей Халкедонский</mx:subfield>
      <mx:subfield code="2">WKP</mx:subfield>
   </mx:datafield>
   <mx:datafield tag="856" ind1="4" ind2="0">
      <mx:subfield code="u">http://viaf.org/viaf/44692802</mx:subfield>
   </mx:datafield>
   <mx:datafield tag="856" ind1="4" ind2="2">
      <mx:subfield code="u">http://viaf.org/viaf/data</mx:subfield>
      <mx:subfield code="z">Dataset description</mx:subfield>
   </mx:datafield>
   <mx:datafield tag="997" ind1=" " ind2=" ">
      <mx:subfield code="a">-400</mx:subfield>
      <mx:subfield code="b">0</mx:subfield>
      <mx:subfield code="c">lived</mx:subfield>
   </mx:datafield>
</mx:record>